<?xml version="1.0" encoding="UTF-8"?><collection xmlns="http://www.loc.gov/MARC21/slim"><record><leader>00418nam--2200121-i-4500</leader><controlfield tag="001">000040506</controlfield><controlfield tag="002">20161230</controlfield><controlfield tag="005">20161230201042</controlfield><controlfield tag="008">060222s1000------------r-----000-0-eng-d</controlfield><datafield ind1=" " ind2=" " tag="100"><subfield code="a">Schafer,L., Spener,G.,  Liebmann,B</subfield></datafield><datafield ind1=" " ind2=" " tag="245"><subfield code="a">Development of non-metallic fuel elements for high temperature gas cooled reactor. paper presented at the conf.,prague,1-5 july 1963</subfield></datafield><datafield ind1=" " ind2=" " tag="260"><subfield code="a">Hanau, Nukem, 1963. 6 P.+ 7 Fig</subfield></datafield><datafield ind1=" " ind2=" " tag="852"><subfield code="a">8907</subfield></datafield></record></collection>